@article{Whitesides2004,
abstract = {Insights into conducting research and the writing of scientific papers are given by Prof. Whitesides in this short essay. The manuscript and its guidelines has been circulated within the Whitesides' research group since 1989.},
archivePrefix = {arXiv},
arxivId = {1003.3921v1},
author = {Whitesides, George M.},
doi = {10.1002/adma.200400767},
eprint = {1003.3921v1},
file = {:D$\backslash$:/Documents/01{\_}Recherche/01{\_}Biblio/01{\_}Articles/Whitesides - 2004 - Advanced Materials.pdf:pdf},
isbn = {3825208028},
issn = {09359648},
journal = {Advanced Materials},
mendeley-groups = {Review},
number = {15 SPEC. ISS.},
pages = {1375--1377},
pmid = {19782018},
title = {{Whitesides' Group: Writing a paper}},
volume = {16},
year = {2004}
}

